@article{Arnold2014,
	doi = {10.1016/j.nima.2014.07.029},
	url = {https://doi.org/10.1016/j.nima.2014.07.029},
	year = {2014},
	month = nov,
	publisher = {Elsevier {BV}},
	volume = {764},
	pages = {156--166},
	author = {O. Arnold and J.C. Bilheux and J.M. Borreguero and A. Buts and S.I. Campbell and L. Chapon and M. Doucet and N. Draper and R. Ferraz Leal and M.A. Gigg and V.E. Lynch and A. Markvardsen and D.J. Mikkelson and R.L. Mikkelson and R. Miller and K. Palmen and P. Parker and G. Passos and T.G. Perring and P.F. Peterson and S. Ren and M.A. Reuter and A.T. Savici and J.W. Taylor and R.J. Taylor and R. Tolchenov and W. Zhou and J. Zikovsky},
	title = {Mantid{\textemdash}Data analysis and visualization package for neutron scattering and$\upmu${SR} experiments},
	journal = {Nuclear Instruments and Methods in Physics Research Section A: Accelerators,  Spectrometers,  Detectors and Associated Equipment}
}
@ARTICLE{Beck_2019_CrystGrowthDes,
	author = {Beck, Christian and Grimaldo, Marco and Roosen-Runge, Felix and Maier, Ralph and Matsarskaia, Olga and Braun, Michal and Sohmen, Benedikt and Czakkel, Orsolya and Schweins, Ralf and Zhang, Fajun and Seydel, Tilo and Schreiber, Frank},
	journal = {Cryst. Growth Des.},
	title = {Following Protein Dynamics in Real Time during Crystallization},
	year = {2019},
	volume = {19},
	pages = {7036-7045},
	number = {12},
	doi = {10.1021/acs.cgd.9b00858}
}
@ARTICLE{Beck_2018_JPhysChemB,
	author = {Beck, Christian and Grimaldo, Marco and Roosen-Runge, Felix and Braun, Michal K. and Zhang, Fajun and Schreiber, Frank and Seydel, Tilo},
	journal = {J. Phys. Chem. B},
	title = {Nanosecond Tracer Diffusion as a Probe of the Solution Structure and Molecular Mobility of Protein Assemblies: The Case of Ovalbumin},
	year = {2018},
	volume = {122},
	pages = {8343-8350},
	number = {35},
	doi = {10.1021/acs.jpcb.8b04349}
}
@ARTICLE{Grimaldo_2015_EPJWebofConferences,
  author = {Grimaldo, Marco and Roosen-Runge, Felix and Jalarvo, Niina and Zamponi, Michaela and Zanini, Fabio and Hennig, Marcus and Zhang, Fajun and Schreiber, Frank and Seydel, Tilo and Frick, B. and Koza, M. M. and Boehm, M. and Mutka, H.},
  journal = {EPJ Web of Conferences},
  title = {High-resolution neutron spectroscopy on protein solution samples},
  year = {2015},
  volume = {83},
  pages = {02005},
  doi = {10.1051/epjconf/20158302005}
}
@ARTICLE{Grimaldo_2015_JPhysChemLett,
	author = {Grimaldo, Marco and Roosen-Runge, Felix and Hennig, Marcus and Zanini, Fabio and Zhang, Fajun and Zamponi, Michaela and Jalarvo, Niina and Schreiber, Frank and Seydel, Tilo},
	journal = {J. Phys. Chem. Lett.},
	title = {Salt-Induced Universal Slowing Down of the Short-Time Self-Diffusion of a Globular Protein in Aqueous Solution},
	year = {2015},
	volume = {6},
	pages = {2577-2582},
	number = {13},
	doi = {10.1021/acs.jpclett.5b01073}
}
@ARTICLE{Grimaldo_2015_PhysChemChemPhys,
	author = {Grimaldo, Marco and Roosen-Runge, Felix and Hennig, Marcus and Zanini, Fabio and Zhang, Fajun and Jalarvo, Niina and Zamponi, Michaela and Schreiber, Frank and Seydel, Tilo},
	journal = {Phys. Chem. Chem. Phys.},
	title = {Hierarchical molecular dynamics of bovine serum albumin in concentrated aqueous solution below and above thermal denaturation},
	year = {2015},
	volume = {17},
	pages = {4645-4655},
	number = {6},
	doi = {10.1039/C4CP04944F}
}
@ARTICLE{Grimaldo_2019_QuartRevBiophys,
	author = {Grimaldo, Marco and Roosen-Runge, Felix and Zhang, Fajun and Schreiber, Frank and Seydel, Tilo},
	journal = {Quart. Rev. Biophys.},
	title = {Dynamics of proteins in solution},
	year = {2019},
	volume = {52},
	doi = {10.1017/S0033583519000027}
}

@article{Roosen-Runge2016,
	author = {Roosen-Runge,Felix  and Bicout,Dominique J.  and Barrat,Jean-Louis },
	title = {Analytical correlation functions for motion through diffusivity landscapes},
	journal = {The Journal of Chemical Physics},
	volume = {144},
	number = {20},
	pages = {204109},
	year = {2016},
	doi = {10.1063/1.4950889},
	URL = {https://doi.org/10.1063/1.4950889},
	eprint = {https://doi.org/10.1063/1.4950889}	
}